<?xml version="1.0" encoding="UTF-8"?><record xmlns="http://www.loc.gov/MARC21/slim" xmlns:cinclude="http://apache.org/cocoon/include/1.0" xmlns:zs="http://www.loc.gov/zing/srw/">
  <leader>00358nz  a2200133n  4500</leader>
  <controlfield tag="001">no2011188537</controlfield>
  <controlfield tag="003">DLC</controlfield>
  <controlfield tag="005">20111209075345.0</controlfield>
  <controlfield tag="008">111207n| acannaabn          |n aaa     c</controlfield>
  <datafield tag="010" ind1=" " ind2=" ">
    <subfield code="a">no2011188537</subfield>
  </datafield>
  <datafield tag="035" ind1=" " ind2=" ">
    <subfield code="a">(OCoLC)oca09056395</subfield>
  </datafield>
  <datafield tag="040" ind1=" " ind2=" ">
    <subfield code="a">CFCPL</subfield>
    <subfield code="b">eng</subfield>
    <subfield code="c">CFCPL</subfield>
  </datafield>
  <datafield tag="100" ind1="1" ind2=" ">
    <subfield code="a">Rieckmann, Laura</subfield>
  </datafield>
  <datafield tag="670" ind1=" " ind2=" ">
    <subfield code="a">My father's house, 2011:</subfield>
    <subfield code="b">t.p. (illustrator, Laura Rieckmann)</subfield>
  </datafield>
</record>